% This file was created with JabRef 2.7b.
% Encoding: UTF-8

@BOOK{exemple,
  title = {Un livre de référence},
  publisher = {Editeur Trucmuche},
  year = {2012},
  author = {Auteur Machin},
  owner = {richard},
  timestamp = {2012.09.09}
}

